<record><leader>00000cas a22000007a 4500</leader><controlfield tag="001">13544421</controlfield><controlfield tag="008">860508d18741879pauwr ne      0    0eng d</controlfield><datafield ind1=" " ind2=" " tag="010"><subfield code="a">sn 86053362 </subfield></datafield><datafield ind1=" " ind2=" " tag="040"><subfield code="a">NPX</subfield><subfield code="b">eng</subfield><subfield code="c">NPX</subfield><subfield code="d">OCLCQ</subfield></datafield><datafield ind1=" " ind2=" " tag="042"><subfield code="a">msc</subfield></datafield><datafield ind1="0" ind2="0" tag="245"><subfield code="a">Connellsville tribune.</subfield></datafield><datafield ind1=" " ind2=" " tag="260"><subfield code="a">Connellsville, Pa. :</subfield><subfield code="b">R.M. Sibbett</subfield></datafield><datafield ind1=" " ind2=" " tag="300"><subfield code="a">v.</subfield></datafield><datafield ind1=" " ind2=" " tag="310"><subfield code="a">Weekly</subfield></datafield><datafield ind1="1" ind2=" " tag="362"><subfield code="a">Began in Dec. 1874; ceased in May 1879.</subfield><subfield code="z">Cf. Centennial hist. of the borough of Connellsville, Pa.</subfield></datafield><datafield ind1=" " ind2=" " tag="500"><subfield code="a">"Republican," &lt;1876&gt;.</subfield></datafield><datafield ind1=" " ind2=" " tag="500"><subfield code="a">Editor: R.M. Sibbett, &lt;1876&gt;.</subfield></datafield><datafield ind1=" " ind2=" " tag="580"><subfield code="a">Absorbed: Connellsville chronicle. Cf. Hist. of Fayette Co., Pa., 1882.</subfield></datafield><datafield ind1=" " ind2=" " tag="588"><subfield code="a">Description based on: Vol. 2, no. 36 (Aug. 9, 1876).</subfield></datafield><datafield ind1=" " ind2=" " tag="752"><subfield code="a">United States</subfield><subfield code="b">Pennsylvania</subfield><subfield code="c">Fayette</subfield><subfield code="d">Connellsville.</subfield></datafield><datafield ind1="1" ind2="5" tag="780"><subfield code="t">Connellsville chronicle</subfield></datafield><datafield ind1="1" ind2=" " tag="029"><subfield code="a">AU@</subfield><subfield code="b">000025789400</subfield></datafield></record>